% Encoding: UTF-8

@Article{journals/ijon/HuTZW18,
  author    = {Hongping Hu and Li Tang and Shuhua Zhang and Haiyan Wang},
  title     = {Predicting the direction of stock markets using optimized neural networks with Google Trends},
  journal   = {Neurocomputing},
  year      = {2018},
  volume    = {285},
  pages     = {188--195},
  bibdate   = {2018-03-19},
  bibsource = {DBLP, http://dblp.uni-trier.de/https://doi.org/10.1016/j.neucom.2018.01.038; DBLP, http://dblp.uni-trier.de/db/journals/ijon/ijon285.html#HuTZW18},
}

@InProceedings{conf/lrec/LeeSMJ14,
  author    = {Heeyoung Lee and Mihai Surdeanu and Bill MacCartney and Dan Jurafsky},
  title     = {On the Importance of Text Analysis for Stock Price Prediction},
  booktitle = {Proceedings of the Ninth International Conference on Language Resources and Evaluation, LREC 2014, Reykjavik, Iceland, May 26-31, 2014},
  year      = {2014},
  editor    = {Nicoletta Calzolari and Khalid Choukri and Thierry Declerck and Hrafn Loftsson and Bente Maegaard and Joseph Mariani and Asunci{\'o}n Moreno and Jan Odijk and Stelios Piperidis},
  pages     = {1170--1175},
  publisher = {European Language Resources Association (ELRA)},
  bibdate   = {2014-06-05},
  bibsource = {DBLP, http://dblp.uni-trier.de/db/conf/lrec/lrec2014.html#LeeSMJ14},
  url       = {http://www.lrec-conf.org/lrec2014},
}

@InProceedings{conf/clef/KuznetsovMKS16,
  author    = {Mikhail Kuznetsov and Anastasia Motrenko and Rita Kuznetsova and Vadim Strijov},
  title     = {Methods for Intrinsic Plagiarism Detection and Author Diarization},
  booktitle = {CLEF (Working Notes)},
  year      = {2016},
  editor    = {Krisztian Balog and Linda Cappellato and Nicola Ferro and Craig Macdonald},
  volume    = {1609},
  series    = {CEUR Workshop Proceedings},
  pages     = {912--919},
  publisher = {CEUR-WS.org},
  bibdate   = {2016-08-11},
  bibsource = {DBLP, http://dblp.uni-trier.de/db/conf/clef/clef2016w.html#KuznetsovMKS16},
  url       = {http://ceur-ws.org/Vol-1609;
		 http://nbn-resolving.de/urn:nbn:de:0074-1609-5},
}

@Article{Usmanova2018TimeSeriesCorrelation,
  author  = {Усманова, К. Р. and Кудияров, С. П. and Мартышкин, Р. В. and Замковои, А. А. and Стрижов, В. В.},
  title   = {Анализ зависимостей между показателями при прогнозировании объема грузоперевозок},
  journal = {Системы и средства информатики},
  year    = {2018},
  volume  = {28},
  number  = {3},
  url     = {http://strijov.com/papers/Usmanova2018TimeSeriesCorrelation.pdf},
}

@Article{Sun2016,
  author  = {Andrew Sun, Michael Lachanski, Frank J. Fabozzi},
  title   = {Trade the tweet: Social media text mining and sparse matrix factorization for stock market prediction},
  journal = {International Review of Financial Analysis},
  year    = {2016},
  volume  = {48},
  number  = {December 2016},
  pages   = {272--281},
}

@Article{journals/corr/abs-1711-04154,
  author    = {Anna Potapenko and Artem Popov and Konstantin Vorontsov},
  title     = {Interpretable probabilistic embeddings: bridging the gap between topic models and neural networks},
  journal   = {CoRR},
  year      = {2017},
  volume    = {abs/1711.04154},
  bibdate   = {2017-12-01},
  bibsource = {DBLP, http://dblp.uni-trier.de/db/journals/corr/corr1711.html#abs-1711-04154},
  url       = {http://arxiv.org/abs/1711.04154},
}

@Article{journals/corr/abs-1711-04154,
  author    = {James Owen Weatheral},
  title     = {The Physics of Wall Street: A Brief History of Predicting the Unpredictable},
  journal   = {CoRR},
  year      = {2017},
  volume    = {abs/1711.04154},
  bibdate   = {2014-12-01},
  bibsource = {DBLP, http://dblp.uni-trier.de/db/journals/corr/corr1711.html#35abs-1711-04154},
  url       = {http://arxiv.org/afesbs/1711.04154},
}

@Comment{jabref-meta: databaseType:bibtex;}
